<?xml version="1.0" encoding="UTF-8"?><collection xmlns="http://www.loc.gov/MARC21/slim"><record><leader>00566nam--2200205-i-4500</leader><controlfield tag="001">000013711</controlfield><controlfield tag="002">20161230</controlfield><controlfield tag="005">20161230201030</controlfield><controlfield tag="008">060222s1000------------r-----000-0-eng-d</controlfield><datafield ind1=" " ind2=" " tag="020"><subfield code="a">0855011882</subfield></datafield><datafield ind1=" " ind2=" " tag="040"><subfield code="a">IFIN-HH</subfield></datafield><datafield ind1=" " ind2=" " tag="080"><subfield code="a">535-15:543.422.4:535.375.5(082.1)</subfield></datafield><datafield ind1="1" ind2=" " tag="100"><subfield code="a">Clark, R.J.H</subfield></datafield><datafield ind1="1" ind2="0" tag="245"><subfield code="a">Advances in infrared and raman spectroscopy</subfield><subfield code="c">R.J.H. CLARK; R.E. HESTER (Eds.)</subfield></datafield><datafield ind1=" " ind2=" " tag="260"><subfield code="a">RHEINE</subfield><subfield code="b">Heyden</subfield></datafield><datafield ind1=" " ind2=" " tag="300"><subfield code="a">7 volume</subfield></datafield><datafield ind1="1" ind2=" " tag="700"><subfield code="a">Hester, R.E</subfield><subfield code="e">Ed</subfield></datafield><datafield ind1="0" ind2=" " tag="787"><subfield code="a">Volume 8</subfield><subfield code="d">1981</subfield><subfield code="h">368p</subfield></datafield><datafield ind1=" " ind2=" " tag="852"><subfield code="a">45286</subfield><subfield code="c">535.33</subfield></datafield><datafield ind1=" " ind2=" " tag="CAT"><subfield code="a">Sys</subfield><subfield code="c">20101207</subfield><subfield code="h">155410</subfield></datafield></record></collection>